%# Bib File : A_Gymnasiou_Thewria_Aplh

%# End of bib file A_Gymnasiou_Thewria_Aplh