%# Bib File : Diag_Par

%# End of bib file Diag_Par