%# Bib File : Paragwgoi_2

%# End of bib file Paragwgoi_2