%# Bib File : Paragwgoi

%# End of bib file Paragwgoi