@article{c,
	 title = {title},
	 author = {Bob Writer},
}

@article{new,
	 title = {title},
	 author = {Bob Writer and John Author},
	 editor = {Another Editor and Editor 1},
	 publisher = {p},
	 year = {0},
	 month = {k},
	 isbn = {111-111-1111-11-1},
	 pages = {0},
	 series = {d},
	 edition = {k},
	 chapter = {c},
	 number = {2},
	 volume = {c},
	 journal = {j2},
	 institution = {k},
	 school = {h},
	 issue = {i},
	 address = {l},
	 doi = {sg},
	 url = {s},
	 language = {k},
	 location = {w},
	 subtitle = {s},
	 organization = {e},
	 key = {r},
	 abstract = {a},
	 note = {e},
}

@article{test,
	 title = {a title},
	 author = {Bob Writer and John Author},
	 editor = {Editor 1},
	 publisher = {Wiley},
	 year = {2022},
	 month = {January},
	 isbn = {978-960-5248-72-3},
	 pages = {454},
	 series = {UTX},
	 edition = {17th},
	 chapter = {2},
	 number = {1},
	 volume = {volume 1},
	 journal = {ODE journal},
	 issue = {32},
	 subtitle = {Strum-Liuville},
}

