@book{book1,
    author    = "J. Babaletskos - Γ. Μπούσγος",
    title     = "Majhmatik'a A' Luke'iou, 'Algebra - Trigwnometr'ia",
    publisher = "OEBD",
    year      = "1978",
}
@book{book2,
	author    = "Hl'ia Ntzi'wra",
	title     = "Majhmatik'a B' Luke'iou, 'Algebra",
	publisher = "OEBD",
	year      = "1979",
}
@book{book3,
	author    = "N. Barouq'akhs, D. Adam'opoulos, N. Alexandr'hs, D. Papakwnstant'inou, A. Papamikro'ulhs",
	title     = "Majhmatik'a A' Luke'iou, 'Algebra",
	publisher = "OEBD",
	year      = "1978",
}
@book{book4,
	author    = "Hl'ia Ntzi'wra",
	title     = "Majhmatik'a E' Gumnas'iou, T;omos pr'wtos",
	publisher = "OEBD",
	year      = "1976",
}
@book{book5,
	author    = "J. Babaletskos - G. Mpo'usgos",
	title     = "Majhmatik'a D' Gumnas'iou, T'omos pr'wtos",
	publisher = "OEBD",
	year      = "1978",
}
@book{book6,
	author    = "G. Mpo'usgos",
	title     = "Majhmatik'a A' Gumnas'iou, T'omos pr'wtos",
	publisher = "OEBD",
	year      = "1978",
}
@article{article1,
	author    = "I. Maro'ulas",
	title     = "Grammik'h 'Algebra",
	year      = "2005",
}