%# Bib File : newdoc

%# End of bib file newdoc