%# Bib File : new

%# End of bib file new