%# Bib File : Alg-Exis1ou-ExisApolTim-SectEx1

%# End of bib file Alg-Exis1ou-ExisApolTim-SectEx1;