%# Bib File : Math_Antikatastashs

%# End of bib file Math_Antikatastashs