%# Bib File : Typologio_Proxeiro

%# End of bib file Typologio_Proxeiro