%# Bib File : Exiswseis_2ou_me_antikatastash

%# End of bib file Exiswseis_2ou_me_antikatastash