%# Bib File : Maria_Gisdaki

%# End of bib file Maria_Gisdaki