@article{DTX-Analysh-Parag-Paragogos-ParagGin-SectEx1,}

@article{DTX-Analysh-Parag-Paragogos-ParagPilik-SectEx1,}