%# Bib File : Ask_Paragwgoi

%# End of bib file Ask_Paragwgoi