%# Bib File : test

%# End of bib file test