@BOOK{book1,
	    AUTHOR = "Argur'akhs \& Bourg'anas \& Ment'hs \& Tsikopo'ulou \& Qrusob'erghs ",
	    TITLE = "Majhmatik'a G' Gumnas'iou ",
	    PUBLISHER = {OEBD},
	    YEAR = 2008}
	    
@BOOK{book2,
	    AUTHOR = "Bas'ilhs Pap'adakhs",
	    TITLE = "Majhmatik'a G' Gumnas'iou",
	    PUBLISHER = {Ekd'oseis Sabb'alas},
	    YEAR = 2009}
	
@BOOK{book3,
		AUTHOR = "N'ikos Karanik'olas",
	    TITLE = "Majhmatik'a G' Gumnas'iou",
	    PUBLISHER = {Ekd'oseis Bolon'akh},
	    YEAR = 2007}
	   